<record><leader>00000cas a22000007a 4500</leader><controlfield tag="001">2261652</controlfield><controlfield tag="008">760620d18111825pauwr ne      0    0eng d</controlfield><controlfield tag="009">54</controlfield><datafield ind1=" " ind2=" " tag="010"><subfield code="a">sn 85055138 </subfield></datafield><datafield ind1=" " ind2=" " tag="040"><subfield code="a">PIT</subfield><subfield code="b">eng</subfield><subfield code="c">PIT</subfield><subfield code="d">NPH</subfield><subfield code="d">DLC</subfield><subfield code="d">NPH</subfield><subfield code="d">NPX</subfield><subfield code="d">NPH</subfield></datafield><datafield ind1="1" ind2=" " tag="029"><subfield code="a">AU@</subfield><subfield code="b">000025804129</subfield></datafield><datafield ind1=" " ind2=" " tag="042"><subfield code="a">msc</subfield></datafield><datafield ind1="0" ind2="0" tag="050"><subfield code="a">Newspaper 9426</subfield></datafield><datafield ind1="0" ind2=" " tag="130"><subfield code="a">Greensburgh gazette (Greensburg, Pa. : 1811)</subfield></datafield><datafield ind1="0" ind2="0" tag="245"><subfield code="a">Greensburgh gazette.</subfield></datafield><datafield ind1=" " ind2=" " tag="260"><subfield code="a">Greensburgh, Pa. :</subfield><subfield code="b">David Maclean,</subfield><subfield code="c">1811-1825.</subfield></datafield><datafield ind1=" " ind2=" " tag="300"><subfield code="a">14 v. ;</subfield><subfield code="c">47 cm.</subfield></datafield><datafield ind1=" " ind2=" " tag="310"><subfield code="a">Weekly</subfield></datafield><datafield ind1="0" ind2=" " tag="362"><subfield code="a">Vol. 1, no. 1 (Aug. 22, 1811)-v. 14, no. 713 (Apr. 15, 1825).</subfield></datafield><datafield ind1="4" ind2=" " tag="510"><subfield code="a">Shaw &amp; Shoemaker</subfield><subfield code="c">22942</subfield></datafield><datafield ind1="4" ind2=" " tag="510"><subfield code="a">Brigham, C.S.  Amer. newspapers,</subfield><subfield code="c">p. 855</subfield></datafield><datafield ind1=" " ind2=" " tag="515"><subfield code="a">Issues for    -Apr. 15, 1825 called also    -new ser., v. 3, no. 132.</subfield></datafield><datafield ind1=" " ind2=" " tag="580"><subfield code="a">Published from the same office: Spion des Volks.</subfield></datafield><datafield ind1="1" ind2=" " tag="700"><subfield code="a">Maclean, David.</subfield></datafield><datafield ind1=" " ind2=" " tag="752"><subfield code="a">United States</subfield><subfield code="b">Pennsylvania</subfield><subfield code="c">Westmoreland</subfield><subfield code="d">Greensburg.</subfield></datafield><datafield ind1=" " ind2=" " tag="752"><subfield code="a">United States</subfield><subfield code="b">Pennsylvania</subfield><subfield code="c">Westmoreland</subfield><subfield code="d">Greensburgh.</subfield></datafield><datafield ind1="0" ind2="0" tag="785"><subfield code="t">Greensburgh gazette. And farmers' and mechanick's register</subfield><subfield code="w">(DLC)sn 86071343</subfield></datafield><datafield ind1="1" ind2=" " tag="787"><subfield code="t">Spion des Volks</subfield><subfield code="w">(DLC)sn 87080333</subfield></datafield></record>